<?xml version="1.0" encoding="UTF-8"?><collection xmlns="http://www.loc.gov/MARC21/slim"><record><leader>00538nam--2200193-u-4500</leader><controlfield tag="001">000053305</controlfield><controlfield tag="002">20161230</controlfield><controlfield tag="005">20161230201051</controlfield><controlfield tag="008">110202s1000------------r-----000-0-rum-d</controlfield><datafield ind1=" " ind2=" " tag="020"><subfield code="a">5376015149</subfield></datafield><datafield ind1=" " ind2=" " tag="040"><subfield code="a">IFIN-HH</subfield></datafield><datafield ind1=" " ind2=" " tag="041"><subfield code="a">rum</subfield></datafield><datafield ind1="1" ind2=" " tag="100"><subfield code="a">Popescu, M.; Andries, A</subfield></datafield><datafield ind1="1" ind2="0" tag="245"><subfield code="a">Fizica sticlelor calcogenice</subfield><subfield code="c">M. popescu; a. andries; v. ciumas; m. iovu; s. sutov; d. tiuleanu</subfield></datafield><datafield ind1=" " ind2=" " tag="260"><subfield code="a">CHISINAU</subfield><subfield code="b">Editura Stiintifica</subfield><subfield code="c">1996</subfield></datafield><datafield ind1=" " ind2=" " tag="300"><subfield code="a">486P</subfield></datafield><datafield ind1="1" ind2=" " tag="700"><subfield code="a">Tiuleanu, D</subfield></datafield><datafield ind1=" " ind2=" " tag="852"><subfield code="a">82313</subfield><subfield code="c">546</subfield></datafield><datafield ind1=" " ind2=" " tag="CAT"><subfield code="a">Sys</subfield><subfield code="c">20111128</subfield><subfield code="h">143833</subfield></datafield></record></collection>